<marc:collection xmlns:marc="http://www.loc.gov/MARC21/slim" xmlns:xsi="http://www.w3.org/2001/XMLSchema-instance" xsi:schemaLocation="http://www.loc.gov/MARC21/slim http://www.loc.gov/standards/marcxml/schema/MARC21slim.xsd">
    <marc:record type="Bibliographic">
        <marc:leader>01518cam a2200325   4500</marc:leader>
        <marc:controlfield tag="001">2732660</marc:controlfield>
        <marc:controlfield tag="005">20130426084848.0</marc:controlfield>
        <marc:controlfield tag="008">800422s1880    fr be        f000 0 fre  </marc:controlfield>
        <marc:datafield tag="010" ind1=" " ind2=" ">
            <marc:subfield code="a">   33015408  </marc:subfield>
        </marc:datafield>
        <marc:datafield tag="035" ind1=" " ind2=" ">
            <marc:subfield code="a">(OCoLC)ocm06229765</marc:subfield>
        </marc:datafield>
        <marc:datafield tag="035" ind1=" " ind2=" ">
            <marc:subfield code="9">CNB9553TS</marc:subfield>
        </marc:datafield>
        <marc:datafield tag="040" ind1=" " ind2=" ">
            <marc:subfield code="a">DLC</marc:subfield>
            <marc:subfield code="c">NDD</marc:subfield>
            <marc:subfield code="d">NjP</marc:subfield>
        </marc:datafield>
        <marc:datafield tag="050" ind1="0" ind2=" ">
            <marc:subfield code="a">DC702</marc:subfield>
            <marc:subfield code="b">.H67</marc:subfield>
        </marc:datafield>
        <marc:datafield tag="082" ind1=" " ind2=" ">
            <marc:subfield code="a">912.4436</marc:subfield>
        </marc:datafield>
        <marc:datafield tag="245" ind1="0" ind2="0">
            <marc:subfield code="a">Atlas des anciens plans de Paris;</marc:subfield>
            <marc:subfield code="b">reproduction en fac-similé des originaux les plus rares et les plus intéressants pour l'histoire de la topographie parisienne, avec une table analytique présentant la légende explicative de chaque plan et un appendice consacré aux documents annexes.</marc:subfield>
        </marc:datafield>
        <marc:datafield tag="260" ind1=" " ind2=" ">
            <marc:subfield code="a">Paris,</marc:subfield>
            <marc:subfield code="b">Imprimerie nationale,</marc:subfield>
            <marc:subfield code="c">1880.</marc:subfield>
        </marc:datafield>
        <marc:datafield tag="300" ind1=" " ind2=" ">
            <marc:subfield code="a">72 p.</marc:subfield>
            <marc:subfield code="b">31 (i.e. 33) maps (part double) on 115 leaves.</marc:subfield>
            <marc:subfield code="c">75 cm.</marc:subfield>
        </marc:datafield>
        <marc:datafield tag="490" ind1="0" ind2=" ">
            <marc:subfield code="a">Histoire générale de Paris.</marc:subfield>
        </marc:datafield>
        <marc:datafield tag="500" ind1=" " ind2=" ">
            <marc:subfield code="a">Title vignette.</marc:subfield>
        </marc:datafield>
        <marc:datafield tag="500" ind1=" " ind2=" ">
            <marc:subfield code="a">"Cet atlas a été publié sous la direction de m. Alphand ... avec le concours de mm. L. Michaux ... L.-M. Tisserand ... [e. a.]"</marc:subfield>
        </marc:datafield>
        <marc:datafield tag="500" ind1=" " ind2=" ">
            <marc:subfield code="a">In portfolios.</marc:subfield>
        </marc:datafield>
        <marc:datafield tag="651" ind1=" " ind2="0">
            <marc:subfield code="a">Paris (France)</marc:subfield>
            <marc:subfield code="v">Maps.</marc:subfield>
        </marc:datafield>
        <marc:datafield tag="655" ind1=" " ind2="7">
            <marc:subfield code="a">Historical maps</marc:subfield>
            <marc:subfield code="z">France</marc:subfield>
            <marc:subfield code="z">Paris.</marc:subfield>
        </marc:datafield>
        <marc:datafield tag="700" ind1="1" ind2=" ">
            <marc:subfield code="a">Alphand, A.</marc:subfield>
            <marc:subfield code="q">(Adolphe),</marc:subfield>
            <marc:subfield code="d">1817-1891.</marc:subfield>
        </marc:datafield>
        <marc:datafield tag="852" ind1="0" ind2=" ">
            <marc:subfield code="b">xl</marc:subfield>
            <marc:subfield code="h">DC702</marc:subfield>
            <marc:subfield code="i">.A853 1880e</marc:subfield>
            <marc:subfield code="p">3043180</marc:subfield>
            <marc:subfield code="x">reclassed from: 1514.134e</marc:subfield>
        </marc:datafield>
        <marc:datafield tag="856" ind1="4" ind2="1">
            <marc:subfield code="z">See the map (sheet 25)</marc:subfield>
            <marc:subfield code="u">http://gisserver.princeton.edu/map/27821</marc:subfield>
        </marc:datafield>
        <marc:datafield tag="856" ind1="4" ind2="1">
            <marc:subfield code="z">See the map (sheet 30)</marc:subfield>
            <marc:subfield code="u">http://gisserver.princeton.edu/map/27822</marc:subfield>
        </marc:datafield>
        <marc:datafield tag="856" ind1="4" ind2="1">
            <marc:subfield code="z">See the map (sheet 31)</marc:subfield>
            <marc:subfield code="u">http://gisserver.princeton.edu/map/27823</marc:subfield>
        </marc:datafield>
        <marc:datafield tag="945" ind1=" " ind2=" ">
            <marc:subfield code="a">F</marc:subfield>
            <marc:subfield code="b">1</marc:subfield>
            <marc:subfield code="c">1514.134e</marc:subfield>
        </marc:datafield>
        <marc:datafield tag="911" ind1=" " ind2=" ">
            <marc:subfield code="a">20000130</marc:subfield>
        </marc:datafield>
    </marc:record>
    <marc:record type="Holdings">
        <marc:leader>00355cx  a2200133z  4500</marc:leader>
        <marc:controlfield tag="001">3043180</marc:controlfield>
        <marc:controlfield tag="004">2732660</marc:controlfield>
        <marc:controlfield tag="005">20141008120038.0</marc:controlfield>
        <marc:controlfield tag="008">0006132u    0   1001uu   0000000</marc:controlfield>
        <marc:datafield tag="014" ind1="1" ind2=" ">
            <marc:subfield code="a">CNB9553TS001</marc:subfield>
        </marc:datafield>
        <marc:datafield tag="014" ind1="0" ind2=" ">
            <marc:subfield code="9">003043180</marc:subfield>
        </marc:datafield>
        <marc:datafield tag="852" ind1="0" ind2="0">
            <marc:subfield code="b">rcppb</marc:subfield>
            <marc:subfield code="c">Oversize</marc:subfield>
            <marc:subfield code="h">DC702</marc:subfield>
            <marc:subfield code="i">.A853 1880e</marc:subfield>
            <marc:subfield code="x">tr fr xl</marc:subfield>
        </marc:datafield>
        <marc:datafield tag="866" ind1=" " ind2="0">
            <marc:subfield code="a">Text</marc:subfield>
        </marc:datafield>
        <marc:datafield tag="866" ind1=" " ind2="0">
            <marc:subfield code="z">Sheets 25, 30 and 31 of atlas transfered to MAP 4/4/13.  gls</marc:subfield>
        </marc:datafield>
    </marc:record>
    <marc:record type="Holdings">
        <marc:leader>00172nx  a22000851  4500</marc:leader>
        <marc:controlfield tag="001">7216433</marc:controlfield>
        <marc:controlfield tag="004">2732660</marc:controlfield>
        <marc:controlfield tag="005">20130404141234.0</marc:controlfield>
        <marc:controlfield tag="008">1304044u    8   1001uu   0901128</marc:controlfield>
        <marc:datafield tag="852" ind1="0" ind2=" ">
            <marc:subfield code="b">map</marc:subfield>
            <marc:subfield code="h">HMC01.6864</marc:subfield>
        </marc:datafield>
    </marc:record>
    <marc:record type="Holdings">
        <marc:leader>00172nx  a22000851  4500</marc:leader>
        <marc:controlfield tag="001">7216438</marc:controlfield>
        <marc:controlfield tag="004">2732660</marc:controlfield>
        <marc:controlfield tag="005">20130404141405.0</marc:controlfield>
        <marc:controlfield tag="008">1304044u    8   1001uu   0901128</marc:controlfield>
        <marc:datafield tag="852" ind1="0" ind2=" ">
            <marc:subfield code="b">map</marc:subfield>
            <marc:subfield code="h">HMC01.6865</marc:subfield>
        </marc:datafield>
    </marc:record>
    <marc:record type="Holdings">
        <marc:leader>00172nx  a22000851  4500</marc:leader>
        <marc:controlfield tag="001">7216444</marc:controlfield>
        <marc:controlfield tag="004">2732660</marc:controlfield>
        <marc:controlfield tag="005">20130404141527.0</marc:controlfield>
        <marc:controlfield tag="008">1304044u    8   1001uu   0901128</marc:controlfield>
        <marc:datafield tag="852" ind1="0" ind2=" ">
            <marc:subfield code="b">map</marc:subfield>
            <marc:subfield code="h">HMC01.6866</marc:subfield>
        </marc:datafield>
    </marc:record>
</marc:collection>
